% 这是一个参考文献模版文件
% 请根据您的论文需要添加相应的参考文献条目

% 期刊论文示例
@article{示例作者2023,
  title={期刊论文标题},
  author={作者姓名1 and 作者姓名2 and 作者姓名3},
  journal={期刊名称},
  volume={卷号},
  number={期号},
  pages={页码范围},
  year={2023},
  publisher={出版社名称}
}

% 会议论文示例
@inproceedings{示例会议2023,
  title={会议论文标题},
  author={作者姓名1 and 作者姓名2},
  booktitle={会议名称},
  pages={页码范围},
  year={2023},
  organization={组织机构}
}

% 书籍示例
@book{示例书籍2022,
  title={书籍标题},
  author={作者姓名},
  year={2022},
  publisher={出版社名称},
  address={出版地址}
}

% 技术报告示例
@techreport{示例报告2023,
  title={技术报告标题},
  author={作者姓名1 and 作者姓名2},
  institution={机构名称},
  year={2023},
  number={报告编号}
}

% arXiv预印本示例
@misc{示例arxiv2023,
  title={预印本论文标题},
  author={作者姓名1 and 作者姓名2 and 作者姓名3},
  year={2023},
  eprint={xxxx.xxxxx},
  archivePrefix={arXiv},
  primaryClass={cs.CV}
}

% 网页资源示例
@misc{示例网页2023,
  title={网页标题},
  author={作者或机构名称},
  year={2023},
  url={https://example.com},
  note={访问日期: 2023-XX-XX}
}

% 学位论文示例
@phdthesis{示例学位论文2022,
  title={博士学位论文标题},
  author={作者姓名},
  year={2022},
  school={学校名称},
  address={学校地址}
}

% 专利示例
@misc{示例专利2023,
  title={专利标题},
  author={发明人姓名1 and 发明人姓名2},
  year={2023},
  note={专利号: XXXXXXXX},
  howpublished={专利}
}

% 数据集示例
@misc{示例数据集2023,
  title={数据集名称},
  author={创建者姓名1 and 创建者姓名2},
  year={2023},
  url={https://dataset-url.com},
  note={数据集版本: v1.0}
}

% 软件示例
@misc{示例软件2023,
  title={软件名称},
  author={开发者姓名1 and 开发者姓名2},
  year={2023},
  url={https://github.com/example/software},
  note={软件版本: v2.1.0}
}
